@article{lu2014medical,
  title={Medical hyperspectral imaging: a review},
  author={Lu, Guolan and Fei, Baowei},
  journal={Journal of biomedical optics},
  volume={19},
  number={1},
  pages={010901--010901},
  year={2014},
  publisher={Society of Photo-Optical Instrumentation Engineers}
}

@article{allington2006basic,
  title={Basic principles of integral field spectroscopy},
  author={Allington-Smith, Jeremy},
  journal={New Astronomy Reviews},
  volume={50},
  number={4-5},
  pages={244--251},
  year={2006},
  publisher={Elsevier}
}

@article{gao2015optical,
  title={Optical hyperspectral imaging in microscopy and spectroscopy--a review of data acquisition},
  author={Gao, Liang and Smith, R Theodore},
  journal={Journal of biophotonics},
  volume={8},
  number={6},
  pages={441--456},
  year={2015},
  publisher={Wiley Online Library}
}

@article{FORD2001986,
title = {Computed Tomography-Based Spectral Imaging For Fluorescence Microscopy},
journal = {Biophysical Journal},
volume = {80},
number = {2},
pages = {986-993},
year = {2001},
issn = {0006-3495},
doi = {https://doi.org/10.1016/S0006-3495(01)76077-8},
url = {https://www.sciencedirect.com/science/article/pii/S0006349501760778},
author = {Bridget K. Ford and Curtis E. Volin and Sean M. Murphy and Ronald M. Lynch and Michael R. Descour},
abstract = {The computed tomography imaging spectrometer (CTIS) is a non-scanning instrument capable of simultaneously acquiring full spectral information (450–750nm) from every position element within its field of view (75μm×75μm). The current spatial and spectral sampling intervals of the spectrometer are 1.0μm and 10nm, respectively. This level of resolution is adequate to resolve signal responses from multiple fluorescence probes located within individual cells or different locations within the same cell. Spectral imaging results are presented from the CTIS combined with a commercial inverted fluorescence microscope. Results demonstrate the capability of the CTIS to monitor the spatiotemporal evolution of pH in rat insulinoma cells loaded with SNARF-1. The ability to analyze full spectral information for two-dimensional (x, y) images allows precise evaluation of heterogeneous physiological responses within cell populations. Due to low signal levels, integration times up to 2s were required. However, reasonable modifications to the instrument design will provide higher system transmission efficiency with increased temporal and spatial resolution. Specifically, a custom optical design including the use of a larger format detector array is under development for a second-generation system.}
}

@article{lu2020recent,
  title={Recent advances of hyperspectral imaging technology and applications in agriculture},
  author={Lu, Bing and Dao, Phuong D and Liu, Jiangui and He, Yuhong and Shang, Jiali},
  journal={Remote Sensing},
  volume={12},
  number={16},
  pages={2659},
  year={2020},
  publisher={MDPI}
}

@article{dong2019review,
  title={A review of hyperspectral imaging for nanoscale materials research},
  author={Dong, Xingchen and Jakobi, Martin and Wang, Shengjia and K{\"o}hler, Michael H and Zhang, Xiaoxing and Koch, Alexander W},
  journal={Applied Spectroscopy Reviews},
  volume={54},
  number={4},
  pages={285--305},
  year={2019},
  publisher={Taylor \& Francis}
}

@article{peyghambari2021hyperspectral,
  title={Hyperspectral remote sensing in lithological mapping, mineral exploration, and environmental geology: an updated review},
  author={Peyghambari, Sima and Zhang, Yun},
  journal={Journal of Applied Remote Sensing},
  volume={15},
  number={3},
  pages={031501--031501},
  year={2021},
  publisher={Society of Photo-Optical Instrumentation Engineers}
}

@article{richardson1972bayesian,
  title={Bayesian-based iterative method of image restoration},
  author={Richardson, William Hadley},
  journal={JoSA},
  volume={62},
  number={1},
  pages={55--59},
  year={1972},
  publisher={Optica Publishing Group}
}

@article{lucy1974iterative,
  title={An iterative technique for the rectification of observed distributions},
  author={Lucy, Leon B},
  journal={Astronomical Journal, Vol. 79, p. 745 (1974)},
  volume={79},
  pages={745},
  year={1974}
}

@article{broxton2013wave,
  title={Wave optics theory and 3-D deconvolution for the light field microscope},
  author={Broxton, Michael and Grosenick, Logan and Yang, Samuel and Cohen, Noy and Andalman, Aaron and Deisseroth, Karl and Levoy, Marc},
  journal={Optics express},
  volume={21},
  number={21},
  pages={25418--25439},
  year={2013},
  publisher={Optica Publishing Group}
}

@article{guo2019fourier,
  title={Fourier light-field microscopy},
  author={Guo, Changliang and Liu, Wenhao and Hua, Xuanwen and Li, Haoyu and Jia, Shu},
  journal={Optics express},
  volume={27},
  number={18},
  pages={25573--25594},
  year={2019},
  publisher={Optica Publishing Group}
}

@Article{DeepCASSI:SIGA:2017,
author  = {Inchang Choi and Daniel S. Jeon and Giljoo Nam 
         and Diego Gutierrez and Min H. Kim},
title   = {High-Quality Hyperspectral Reconstruction 
         Using a Spectral Prior},
journal = {ACM Transactions on Graphics (Proc. SIGGRAPH Asia 2017)},
year    = {2017},
volume  = {36},
number  = {6},
pages   = {218:1-13},
doi     = "10.1145/3130800.3130810",
url     = "http://dx.doi.org/10.1145/3130800.3130810",
}         

@inproceedings{arad_and_ben_shahar_2016_ECCV,
  title={Sparse Recovery of Hyperspectral Signal from Natural RGB Images},
  author={Arad, Boaz and Ben-Shahar, Ohad},
  booktitle={European Conference on Computer Vision},
  pages={19--34},
  year={2016},
  organization={Springer}
}

@conference{chakrabarti2011statistics,
  title={{Statistics of Real-World Hyperspectral Images}},
  author={Chakrabarti, A. and Zickler, T.},
  booktitle={Proc.~IEEE Conf.~on Computer Vision and Pattern Recognition (CVPR)},
  pages={193--200},
  year={2011}
}

@inproceedings{skauli2013collection,
  title={A collection of hyperspectral images for imaging systems research},
  author={Skauli, Torbj{\o}rn and Farrell, Joyce},
  booktitle={Digital Photography IX},
  volume={8660},
  pages={89--95},
  year={2013},
  organization={SPIE}
}

@article{lian2022image,
  title={An Image Deblurring Method Using Improved U-Net Model},
  author={Lian, Zuozheng and Wang, Haizhen and Zhang, Qianjun},
  journal={Mobile Information Systems},
  volume={2022},
  year={2022},
  publisher={Hindawi}
}

@inproceedings{ronneberger2015u,
  title={U-net: Convolutional networks for biomedical image segmentation},
  author={Ronneberger, Olaf and Fischer, Philipp and Brox, Thomas},
  booktitle={Medical Image Computing and Computer-Assisted Intervention--MICCAI 2015: 18th International Conference, Munich, Germany, October 5-9, 2015, Proceedings, Part III 18},
  pages={234--241},
  year={2015},
  organization={Springer}
}

@incproceedings{son2017ieee,
  author={Son, Hyeongseok and Lee, Seungyong},
  booktitle={2017 IEEE International Conference on Computational Photography (ICCP)}, 
  title={Fast non-blind deconvolution via regularized residual networks with long/short skip-connections}, 
  year={2017},
  volume={},
  number={},
  pages={1-10},
  doi={10.1109/ICCPHOT.2017.7951480}}

@book{kingslake1992optics,
  title={Optics in photography},
  author={Kingslake, Rudolf},
  volume={6},
  year={1992},
  publisher={SPIE press}
}

@article{baek2017compact,
  title={Compact single-shot hyperspectral imaging using a prism},
  author={Baek, Seung-Hwan and Kim, Incheol and Gutierrez, Diego and Kim, Min H},
  journal={ACM Transactions on Graphics (TOG)},
  volume={36},
  number={6},
  pages={1--12},
  year={2017},
  publisher={ACM New York, NY, USA}
}

@book{goodman2005introduction,
  title={Introduction to Fourier optics},
  author={Goodman, Joseph W},
  year={2005},
  publisher={Roberts and Company publishers}
}

@inproceedings{poleshchuk2010fabrication,
  title={Fabrication and application of diffractive optical elements},
  author={Poleshchuk, AG},
  booktitle={Sixth International Symposium on Precision Engineering Measurements and Instrumentation},
  volume={7544},
  pages={903--914},
  year={2010},
  organization={SPIE}
}

@article{ming2021deep,
  title={Deep learning for monocular depth estimation: A review},
  author={Ming, Yue and Meng, Xuyang and Fan, Chunxiao and Yu, Hui},
  journal={Neurocomputing},
  volume={438},
  pages={14--33},
  year={2021},
  publisher={Elsevier}
}

@inproceedings{baek2021single,
  title={Single-shot hyperspectral-depth imaging with learned diffractive optics},
  author={Baek, Seung-Hwan and Ikoma, Hayato and Jeon, Daniel S and Li, Yuqi and Heidrich, Wolfgang and Wetzstein, Gordon and Kim, Min H},
  booktitle={Proceedings of the IEEE/CVF International Conference on Computer Vision},
  pages={2651--2660},
  year={2021}
}

@article{zou2023advanced,
  title={Advanced optical imaging based on metasurfaces},
  author={Zou, Xiujuan and Lin, Ruoyu and Fu, Yunlai and Gong, Guangxing and Zhou, Xuxi and Wang, Shuming and Zhu, Shining and Wang, Zhenlin},
  journal={Advanced Optical Materials},
  pages={2203149},
  year={2023},
  publisher={Wiley Online Library}
}

@article{chakrabarti2016learning,
  title={Learning sensor multiplexing design through back-propagation},
  author={Chakrabarti, Ayan},
  journal={Advances in Neural Information Processing Systems},
  volume={29},
  year={2016}
}

@article{Dong2022, title={DWDN: Deep Wiener Deconvolution Network for non-blind image Deblurring}, volume={44}, DOI={10.1109/tpami.2021.3138787}, number={12}, journal={IEEE Transactions on Pattern Analysis and Machine Intelligence}, author={Dong, Jiangxin and Roth, Stefan and Schiele, Bernt}, year={2022}, pages={9960–9976}} 

@misc{Zhang2022arxiv, url={https://arxiv.org/abs/2201.10700}, journal={Deep image deblurring: A survey}, author={Zhang, Kaihao and Ren, Wenqi and Luo, Wenhan and Lai, Wei-Sheng and Stenger, Bjorn and Yang, Ming-Hsuan and Li, Hongdong}, year={2022}, month={May}} 

@article{Li2021uabc, title={Universal and flexible optical aberration correction using deep-prior based deconvolution}, DOI={10.1109/iccv48922.2021.00261}, journal={2021 IEEE/CVF International Conference on Computer Vision (ICCV)}, author={Li, Xiu and Suo, Jinli and Zhang, Weihang and Yuan, Xin and Dai, Qionghai}, year={2021}} 

@inproceedings{zhan2019hyperspectral,
  title={Hyperspectral imaging bioinspired by chromatic blur vision in color blind animals},
  author={Zhan, Shuyue and Zhou, Weiwen and Ma, Xu and Huang, Hui},
  booktitle={Photonics},
  volume={6},
  number={3},
  pages={91},
  year={2019},
  organization={MDPI}
}

@article{jeon2019compact,
  title={Compact snapshot hyperspectral imaging with diffracted rotation},
  author={Jeon, Daniel S and Baek, Seung-Hwan and Yi, Shinyoung and Fu, Qiang and Dun, Xiong and Heidrich, Wolfgang and Kim, Min H},
  year={2019},
  publisher={Association for Computing Machinery (ACM)}
}

@article{Brunet_Vrscay_Wang_2011, 
    title={On the mathematical properties of the structural similarity index}, 
    volume={21}, 
    DOI={10.1109/tip.2011.2173206}, 
    number={4}, 
    journal={IEEE Transactions on Image Processing}, 
    author={Brunet, D. and Vrscay, E. R. and Wang, Z}, 
    year={2011}, 
    month={Oct}, 
    pages={1488–1499}
} 

@article{Ronneberger_2018, title={U-net convolutional networks for biomedical image segmentation}, DOI={10.1007/978-3-662-54345-0_3}, journal={Arxiv}, author={Ronneberger, Olaf}, year={2018}, month={May}, pages={3–3}} 

@article{baek2021single,
  title={Single-shot hyperspectral-depth imaging with learned diffractive optics},
  author={Baek, Seung-Hwan and Ikoma, Hayato and Jeon, Daniel S and Li, Yuqi and Heidrich, Wolfgang and Wetzstein, Gordon and Kim, Min H},
  booktitle={Proceedings of the IEEE/CVF International Conference on Computer Vision},
  pages={2651--2660},
  year={2021}
}

@inproceedings{farrell2003simulation,
  title={A simulation tool for evaluating digital camera image quality},
  author={Farrell, Joyce E and Xiao, Feng and Catrysse, Peter Bert and Wandell, Brian A},
  booktitle={Image Quality and System Performance},
  volume={5294},
  pages={124--131},
  year={2003},
  organization={SPIE}
}

@TechReport{CAVE_0293,
title = {{G}eneralized {A}ssorted {P}ixel {C}amera: {P}ost-{C}apture {C}ontrol of {R}esolution, {D}ynamic {R}ange and {S}pectrum},
author={F. Yasuma, T. Mitsunaga, D. Iso, and S.K. Nayar},
booktitle = {Technical Report, Department of Computer Science, Columbia University CUCS-061-08},
month = {Nov},
year = {2008}
}